@Manual{sasmac-addvar,
	title = {Added variable plots for logistic regression},
	author = {Michael Friendly},
	year = {2005},
	note = {Version 1.1 (23 Feb 2005)},
	url = {http://datavis.ca/sasmac/addvar.html},
}

@Manual{sasmac-agree,
	title = {agree.sas},
	author = {Michael Friendly},
	year = {},
	note = {Version  ()},
	url = {http://datavis.ca/sasmac/agree.html},
}

@Manual{sasmac-agreeplot,
	title = {Macro program for agreement plots},
	author = {Michael Friendly},
	year = {2012},
	note = {Version 1.1-0 (24 Jan 2012)},
	url = {http://datavis.ca/sasmac/agreeplot.html},
}

@Manual{sasmac-alleff,
	title = {All-effects plot for a factorial ANOVA design},
	author = {Michael Friendly},
	year = {2006},
	note = {Version 1.2 (08 Feb 2006)},
	url = {http://datavis.ca/sasmac/alleff.html},
}

@Manual{sasmac-axis,
	title = {Create Annotate data set to draw an X or Y axis},
	author = {Michael Friendly},
	year = {2006},
	note = {Version 1.0 (25 May 2006)},
	url = {http://datavis.ca/sasmac/axis.html},
}

@Manual{sasmac-bars,
	title = {Create an annotate data set to draw error bars},
	author = {Michael Friendly},
	year = {2004},
	note = {Version 1.2 (23 Mar 2004)},
	url = {http://datavis.ca/sasmac/bars.html},
}

@Manual{sasmac-biplot,
	title = {Generalized biplot of observations and variables},
	author = {Michael Friendly},
	year = {2008},
	note = {Version 2.3-0 (01 Aug 2008)},
	url = {http://datavis.ca/sasmac/biplot.html},
}

@Manual{sasmac-boxanno,
	title = {Annotate a scatter plot with univariate boxplots},
	author = {Michael Friendly},
	year = {2004},
	note = {Version 1.8 (03 Feb 2004)},
	url = {http://datavis.ca/sasmac/boxanno.html},
}

@Manual{sasmac-boxcox,
	title = {Power transformations by Box-Cox method},
	author = {Michael Friendly},
	year = {2006},
	note = {Version 1.4 (05 Sep 2006)},
	url = {http://datavis.ca/sasmac/boxcox.html},
}

@Manual{sasmac-boxglm,
	title = {Power transformations by Box-Cox method with},
	author = {Michael Friendly},
	year = {1991},
	note = {Version 1.1 (10 Dec 1991)},
	url = {http://datavis.ca/sasmac/boxglm.html},
}

@Manual{sasmac-contour,
	title = {Plot bivariate data ellipses},
	author = {Michael Friendly},
	year = {2006},
	note = {Version 2.4 (10 Oct 2006)},
	url = {http://datavis.ca/sasmac/contour.html},
}

@Manual{sasmac-coplot,
	title = {Construct a conditioning plot - plots of y * x | z},
	author = {Michael Friendly},
	year = {2004},
	note = {Version 1.4 (04 Oct 2004)},
	url = {http://datavis.ca/sasmac/coplot.html},
}

@Manual{sasmac-corresp,
	title = {Correspondence analysis of contingency tables},
	author = {Michael Friendly},
	year = {2013},
	note = {Version 1.9-1 (27 Feb 2013)},
	url = {http://datavis.ca/sasmac/corresp.html},
}

@Manual{sasmac-corrgram,
	title = {Draw a correlogram},
	author = {Michael Friendly},
	year = {2012},
	note = {Version 1.2-3 (21 Sep 2012)},
	url = {http://datavis.ca/sasmac/corrgram.html},
}

@Manual{sasmac-cpplot,
	title = {Plots of Mallow's C(p) and related statistics},
	author = {Michael Friendly},
	year = {2013},
	note = {Version 1.5-1 (27 Feb 2013)},
	url = {http://datavis.ca/sasmac/cpplot.html},
}

@Manual{sasmac-cqplot,
	title = {Macro for ChiSquare quantile-comparison plots},
	author = {Michael Friendly},
	year = {2003},
	note = {Version 1.2 (09 Dec 2003)},
	url = {http://datavis.ca/sasmac/cqplot.html},
}

@Manual{sasmac-csmpower,
	title = {Power estimation for Covariance Structure Models},
	author = {Michael Friendly},
	year = {2000},
	note = {Version 1.1 (22 Jun 2000)},
	url = {http://datavis.ca/sasmac/csmpower.html},
}

@Manual{sasmac-datachk,
	title = {Perform basic data checking on a dataset},
	author = {Michael Friendly},
	year = {2004},
	note = {Version 1.5 (09 Oct 2004)},
	url = {http://datavis.ca/sasmac/datachk.html},
}

@Manual{sasmac-defined,
	title = {Determine if a macro variable is defined},
	author = {Michael Friendly},
	year = {2003},
	note = {Version 1.0 (17 Feb 2003)},
	url = {http://datavis.ca/sasmac/defined.html},
}

@Manual{sasmac-density,
	title = {Nonparametric density estimates from a sample.},
	author = {Michael Friendly},
	year = {2004},
	note = {Version 1.1 (28 May 2004)},
	url = {http://datavis.ca/sasmac/density.html},
}

@Manual{sasmac-gask,
	title = {Retrieve graphics options to global macro variables},
	author = {Michael Friendly},
	year = {2000},
	note = {Version 1.0 (24 Jan 2000)},
	url = {http://datavis.ca/sasmac/gask.html},
}

@Manual{sasmac-gbank,
	title = {Calculate width or height to bank a plot to 45 deg},
	author = {Michael Friendly},
	year = {2008},
	note = {Version 1.0-0 (21 Apr 2008)},
	url = {http://datavis.ca/sasmac/gbank.html},
}

@Manual{sasmac-gdispla,
	title = {Device-independent DISPLAY/NODISPLAY control},
	author = {Michael Friendly},
	year = {2003},
	note = {Version 1.0 (17 Apr 2003)},
	url = {http://datavis.ca/sasmac/gdispla.html},
}

@Manual{sasmac-genscat,
	title = {Generalized scatterplot matrix},
	author = {Michael Friendly},
	year = {2001},
	note = {Version 1.0 (17 Jul 2001)},
	url = {http://datavis.ca/sasmac/genscat.html},
}

@Manual{sasmac-gensym,
	title = {Macro to generate SYMBOL statement for each GROUP},
	author = {Michael Friendly},
	year = {2009},
	note = {Version 1.5-0 (05 Apr 2009)},
	url = {http://datavis.ca/sasmac/gensym.html},
}

@Manual{sasmac-gkill,
	title = {Delete entries in a graphics catalog},
	author = {Michael Friendly},
	year = {2004},
	note = {Version 1.0 (13 Jan 2004)},
	url = {http://datavis.ca/sasmac/gkill.html},
}

@Manual{sasmac-goodfit,
	title = {Goodness of fit tests for discrete distributions},
	author = {Michael Friendly},
	year = {2003},
	note = {Version 1.4 (24 Apr 2003)},
	url = {http://datavis.ca/sasmac/goodfit.html},
}

@Manual{sasmac-gskip,
	title = {Device-independent macro for multiple plots},
	author = {Michael Friendly},
	year = {2006},
	note = {Version 1.2 (05 Apr 2006)},
	url = {http://datavis.ca/sasmac/gskip.html},
}

@Manual{sasmac-gtree,
	title = {Draw a tree dendrogram from PROC CLUSTER/VARLCUS},
	author = {Michael Friendly},
	year = {2006},
	note = {Version 1.5 (09 May 2006)},
	url = {http://datavis.ca/sasmac/gtree.html},
}

@Manual{sasmac-label,
	title = {Create an Annotate dataset to label observations},
	author = {Michael Friendly},
	year = {2008},
	note = {Version 1.8 (11 Nov 2008)},
	url = {http://datavis.ca/sasmac/label.html},
}

@Manual{sasmac-labels,
	title = {Create an Annotate dataset to label observations},
	author = {Michael Friendly},
	year = {2009},
	note = {Version 1.8-1 (18 Feb 2009)},
	url = {http://datavis.ca/sasmac/labels.html},
}

@Manual{sasmac-lags,
	title = {Macro for lag sequential analysis},
	author = {Michael Friendly},
	year = {2001},
	note = {Version 1.2 (2 Feb 2001)},
	url = {http://datavis.ca/sasmac/lags.html},
}

@Manual{sasmac-lastword,
	title = {Return the last word from a delimited list of words},
	author = {Michael Friendly},
	year = {2006},
	note = {Version 1.0 (26 Jan 2006)},
	url = {http://datavis.ca/sasmac/lastword.html},
}

@Manual{sasmac-lines,
	title = {Create an Annotate dataset to draw lines in a plot},
	author = {Michael Friendly},
	year = {2006},
	note = {Version 1.0 (18 Jan 2006)},
	url = {http://datavis.ca/sasmac/lines.html},
}

@Manual{sasmac-logodds,
	title = {Plot empirical log-odds for logistic regression},
	author = {Michael Friendly},
	year = {2002},
	note = {Version 1.2 (26 Sep 2002)},
	url = {http://datavis.ca/sasmac/logodds.html},
}

@Manual{sasmac-lowess,
	title = {LOcally Weighted robust Scatterplot Smoothing},
	author = {Michael Friendly},
	year = {2005},
	note = {Version 2.2 (26 Jan 2005)},
	url = {http://datavis.ca/sasmac/lowess.html},
}

@Manual{sasmac-map2gen,
	title = {Convert a SAS/Graph map to ArcView Generate format},
	author = {Michael Friendly},
	year = {2006},
	note = {Version 1.0 (12 Jan 2006)},
	url = {http://datavis.ca/sasmac/map2gen.html},
}

@Manual{sasmac-meanplot,
	title = {Macro to plot means for a factorial design},
	author = {Michael Friendly},
	year = {2009},
	note = {Version 1.7-1 (08 May 2009)},
	url = {http://datavis.ca/sasmac/meanplot.html},
}

@Manual{sasmac-miplot,
	title = {Plot X-Y data for missing data from PROC MI},
	author = {Michael Friendly},
	year = {2010},
	note = {Version 1.2-0 (20 Oct 2010)},
	url = {http://datavis.ca/sasmac/miplot.html},
}

@Manual{sasmac-points,
	title = {Create an Annotate dataset to draw points in a plot},
	author = {Michael Friendly},
	year = {2006},
	note = {Version 1.1 (12 May 2006)},
	url = {http://datavis.ca/sasmac/points.html},
}

@Manual{sasmac-poisplot,
	title = {Poissonness plot for discrete distributions},
	author = {Michael Friendly},
	year = {2007},
	note = {Version 1.4-1 (02 May 2007)},
	url = {http://datavis.ca/sasmac/poisplot.html},
}

@Manual{sasmac-poly,
	title = {Generate polynomial contrasts},
	author = {Michael Friendly},
	year = {2008},
	note = {Version 1.0-2 (01 Oct 2008)},
	url = {http://datavis.ca/sasmac/poly.html},
}

@Manual{sasmac-polygons,
	title = {Create Annotate dataset to draw a polygon(s)},
	author = {Michael Friendly},
	year = {2006},
	note = {Version 1.0 (08 Nov 2006)},
	url = {http://datavis.ca/sasmac/polygons.html},
}

@Manual{sasmac-power,
	title = {Calculates power measures from a PROC GLM},
	author = {Michael Friendly},
	year = {},
	note = {Version  (24Apr96)},
	url = {http://datavis.ca/sasmac/power.html},
}

@Manual{sasmac-powerlog,
	title = {Power for logistic regression, quantitative predictor},
	author = {Michael Friendly},
	year = {2003},
	note = {Version 1.1 (02 Mar 2003)},
	url = {http://datavis.ca/sasmac/powerlog.html},
}

@Manual{sasmac-powerrxc,
	title = {Power for ChiSquare test of independence},
	author = {Michael Friendly},
	year = {1999},
	note = {Version 1.0 (19 Dec 1999)},
	url = {http://datavis.ca/sasmac/powerrxc.html},
}

@Manual{sasmac-pscale,
	title = {Construct annotations for a probability scale},
	author = {Michael Friendly},
	year = {2003},
	note = {Version 1.1 (19 Mar 2003)},
	url = {http://datavis.ca/sasmac/pscale.html},
}

@Manual{sasmac-ram2dot,
	title = {Draw a path diagram from CALIS RAM-list data set},
	author = {Michael Friendly},
	year = {2008},
	note = {Version 1.0-0 (06 Mar 2008)},
	url = {http://datavis.ca/sasmac/ram2dot.html},
}

@Manual{sasmac-sieveplot,
	title = {Macro program for sieve diagrams},
	author = {Michael Friendly},
	year = {2004},
	note = {Version 1.0 (27 May 2004)},
	url = {http://datavis.ca/sasmac/sieveplot.html},
}

@Manual{sasmac-slice,
	title = {Divide a variable into slices, allowing overlap},
	author = {Michael Friendly},
	year = {2005},
	note = {Version 1.0 (16 Dec 2005)},
	url = {http://datavis.ca/sasmac/slice.html},
}

@Manual{sasmac-sort,
	title = {Generalized dataset sorting by format or statistic},
	author = {Michael Friendly},
	year = {1998},
	note = {Version 1.1 (19 Nov 1998)},
	url = {http://datavis.ca/sasmac/sort.html},
}

@Manual{sasmac-sparkline,
	title = {Draw sparklines, with control of aspect ratio},
	author = {Michael Friendly},
	year = {2008},
	note = {Version 1.0-0 (22 Apr 2008)},
	url = {http://datavis.ca/sasmac/sparkline.html},
}

@Manual{sasmac-splot,
	title = {Schematic plot (boxplot) for one or more variables},
	author = {Michael Friendly},
	year = {2012},
	note = {Version 1.7-1 (29 Feb 2012)},
	url = {http://datavis.ca/sasmac/splot.html},
}

@Manual{sasmac-sprdplot,
	title = {Find power transformations to equalize variance},
	author = {Michael Friendly},
	year = {2013},
	note = {Version 1.2-1 (27 Feb 2013)},
	url = {http://datavis.ca/sasmac/sprdplot.html},
}

@Manual{sasmac-stars,
	title = {Star plot of multivariate data},
	author = {Michael Friendly},
	year = {2010},
	note = {Version 1.7-1 (10 Sep 2010)},
	url = {http://datavis.ca/sasmac/stars.html},
}

@Manual{sasmac-stat2dat,
	title = {Transform a summary data set to pseudo-observations},
	author = {Michael Friendly},
	year = {2010},
	note = {Version 1.1 (10 Sep 2010)},
	url = {http://datavis.ca/sasmac/stat2dat.html},
}

@Manual{sasmac-str2ram,
	title = {Create a RAM-list data set from RAM text strings},
	author = {Michael Friendly},
	year = {2008},
	note = {Version 1.0-0 (07 Mar 2008)},
	url = {http://datavis.ca/sasmac/str2ram.html},
}

@Manual{sasmac-sunplot,
	title = {Sunflower plot for X-Y dataset},
	author = {Michael Friendly},
	year = {2007},
	note = {Version 1.3-1 (03 Jun 2007)},
	url = {http://datavis.ca/sasmac/sunplot.html},
}

